<record><leader>00000cas a2200000 a 4500</leader><controlfield tag="001">11270339</controlfield><controlfield tag="008">841016d19841985azudr n       0   a0eng d</controlfield><datafield ind1=" " ind2=" " tag="010"><subfield code="a">sn 84001915 </subfield></datafield><datafield ind1=" " ind2=" " tag="040"><subfield code="a">AZU</subfield><subfield code="b">eng</subfield><subfield code="c">AZU</subfield><subfield code="d">NSD</subfield><subfield code="d">NST</subfield><subfield code="d">ANN</subfield><subfield code="d">OCL</subfield><subfield code="d">ANN</subfield><subfield code="d">OCLCQ</subfield><subfield code="d">OCLCF</subfield><subfield code="d">OCLCO</subfield></datafield><datafield ind1=" " ind2=" " tag="012"><subfield code="i">8903</subfield><subfield code="m">1</subfield></datafield><datafield ind1="1" ind2=" " tag="022"><subfield code="a">8750-3891</subfield><subfield code="l">8750-3891</subfield><subfield code="2">1</subfield></datafield><datafield ind1="1" ind2=" " tag="029"><subfield code="a">AU@</subfield><subfield code="b">000020343779</subfield></datafield><datafield ind1=" " ind2=" " tag="032"><subfield code="a">496020</subfield><subfield code="b">USPS</subfield></datafield><datafield ind1=" " ind2=" " tag="042"><subfield code="a">nsdp</subfield></datafield><datafield ind1=" " ind2=" " tag="043"><subfield code="a">n-us-az</subfield></datafield><datafield ind1="0" ind2=" " tag="130"><subfield code="a">Sierra Vista herald (Sierra Vista, Ariz. : 1984)</subfield></datafield><datafield ind1=" " ind2="0" tag="222"><subfield code="a">Sierra Vista herald</subfield></datafield><datafield ind1="1" ind2="0" tag="245"><subfield code="a">Sierra Vista herald.</subfield></datafield><datafield ind1="1" ind2="7" tag="246"><subfield code="a">Sierra Vista herald and Bisbee review</subfield></datafield><datafield ind1="1" ind2="3" tag="246"><subfield code="a">Bisbee review</subfield></datafield><datafield ind1=" " ind2=" " tag="260"><subfield code="a">Sierra Vista, Ariz. :</subfield><subfield code="b">Sierra Vista Herald, Inc.,</subfield><subfield code="c">1984-1985.</subfield></datafield><datafield ind1=" " ind2=" " tag="310"><subfield code="a">Daily (except Sat.)</subfield></datafield><datafield ind1="0" ind2=" " tag="362"><subfield code="a">29th Year, 295th issue (Oct. 1, 1984)-30th year, 73rd issue (Jan. 11, 1985).</subfield></datafield><datafield ind1=" " ind2="0" tag="651"><subfield code="a">Sierra Vista (Ariz.)</subfield><subfield code="v">Newspapers.</subfield></datafield><datafield ind1=" " ind2="0" tag="651"><subfield code="a">Cochise County (Ariz.)</subfield><subfield code="v">Newspapers.</subfield></datafield><datafield ind1=" " ind2="7" tag="655"><subfield code="a">Newspapers.</subfield><subfield code="2">fast</subfield><subfield code="0">(OCoLC)fst01423814</subfield></datafield><datafield ind1=" " ind2="7" tag="651"><subfield code="a">Arizona</subfield><subfield code="z">Cochise County.</subfield><subfield code="2">fast</subfield><subfield code="0">(OCoLC)fst01207405</subfield></datafield><datafield ind1=" " ind2="7" tag="651"><subfield code="a">Arizona</subfield><subfield code="z">Sierra Vista.</subfield><subfield code="2">fast</subfield><subfield code="0">(OCoLC)fst01221033</subfield></datafield><datafield ind1=" " ind2=" " tag="752"><subfield code="a">United States</subfield><subfield code="b">Arizona</subfield><subfield code="c">Cochise</subfield><subfield code="d">Sierra Vista.</subfield></datafield><datafield ind1="0" ind2=" " tag="775"><subfield code="t">Bisbee daily review (Bisbee, Ariz. : 1976)</subfield><subfield code="w">(DLC)sn 95060788</subfield></datafield><datafield ind1="0" ind2="0" tag="780"><subfield code="t">Sierra Vista herald dispatch (Sierra Vista, Ariz. : 1983)</subfield><subfield code="w">(DLC)sn 83008143</subfield></datafield><datafield ind1="0" ind2="0" tag="785"><subfield code="t">Sierra Vista herald [and] Bisbee daily review</subfield><subfield code="w">(DLC)sn 95060560</subfield></datafield><datafield ind1=" " ind2=" " tag="850"><subfield code="a">AzU</subfield></datafield></record>